%% This BibTeX bibliography file was created using BibDesk.
%% http://bibdesk.sourceforge.net/

%% Created for Sonja Petrovic at 2020-11-29 00:40:03 -0600 


%% Saved with string encoding Unicode (UTF-8) 

@article{tryme,
	Author = {Dylan Peifer and Michael Stillman and Daniel Halpern-Leistner},
	Date-Modified = {2020-11-29 06:40:03 +0000},
	Journal = {In Proceedings of the 37th International Conference on Machine Learning (ICML)},
	Title = {Learning selection strategies in Buchberger's algorithm.},
	Year = 2020}
